@unpublished{bulicekPartialDifferentialEquations2019,
  title = {Partial {{Differential Equations II}}},
  author = {Bulíček, Miroslav},
  date = {2019},
  url = {https://www2.karlin.mff.cuni.cz/~mbul8060/notes2.pdf},
  urldate = {2025-06-15},
  file = {/home/moschehaus/Zotero/storage/R33GIR4T/notes2.pdf}
}

@unpublished{bulicekPartialDifferentialEquations2019a,
  title = {Partial {{Differential Equations I}}},
  author = {Bulíček, Miroslav},
  date = {2019},
  url = {https://www2.karlin.mff.cuni.cz/~mbul8060/notes.zip},
  urldate = {2025-06-15}
}

@unpublished{bulicekUvodModerniTeorie2018,
  title = {Úvod do moderní teorie parciálních diferenciálních rovnic},
  author = {Bulíček, Miroslav and Černý, Robert and John, Oldřich and Málek, Josef and Pokorný, Milan and Rokyta, Mirko and Stará, Jana},
  date = {2018},
  url = {https://www2.karlin.mff.cuni.cz/~pokorny/LectureNotes/moderni_teorie_color.pdf},
  langid = {czech},
  file = {/home/moschehaus/Zotero/storage/ND58HDEM/Bulíček and Málek - Úvod do moderní teorie parciálních diferenciálních rovnic.pdf}
}

@book{evansPartialDifferentialEquations2010,
  title = {Partial {{Differential Equations}}},
  author = {Evans, Lawrence C.},
  year = {2010},
  publisher = {Amer Mathematical Society},
  address = {Providence (R.I.)},
  abstract = {"This is the second edition of the now definitive text on partial differential equations (PDE). It offers a comprehensive survey of modern techniques in the theoretical study of PDE with particular emphasis on nonlinear equations. Its wide scope and clear exposition make it a great text for a graduate course in PDE. For this edition, the author has made numerous changes, including: a new chapter on nonlinear wave equations, more than 80 new exercises, several new sections, and a significantly expanded bibliography."--Publisher's description.},
  isbn = {978-0-8218-4974-3},
  langid = {english}
}

@book{zotero-item-1,
  isbn = {978-0-8218-4974-3}
}
